@book{Stock2020,
  title={Introduction to econometrics},
  author={Stock, James H and Watson, Mark W},
  volume={4},
  year={2020},
  publisher={Pearson New York}
}

@misc{Hansen2021,
  title  = {Econometrics. Madison: University of Wisconsin},
  author = {Hansen, BE},
  year   = {2021}
}
@misc{Hansen2021a,
  title  = {Introduction to Econometrics. Madison: University of Wisconsin},
  author = {Hansen, BE},
  year   = {2021}
}